<?xml version="1.0" encoding="UTF-8"?><collection xmlns="http://www.loc.gov/MARC21/slim"><record><leader>00646nam--2200205-u-4500</leader><controlfield tag="001">000055283</controlfield><controlfield tag="002">20161230</controlfield><controlfield tag="005">20161230201052</controlfield><controlfield tag="008">121206s1000------------r-----000-0-rus-d</controlfield><datafield ind1=" " ind2=" " tag="040"><subfield code="a">IFIN-HH</subfield></datafield><datafield ind1=" " ind2=" " tag="041"><subfield code="a">rus</subfield></datafield><datafield ind1=" " ind2=" " tag="080"><subfield code="a">539.4(061.3):539.21</subfield></datafield><datafield ind1="1" ind2=" " tag="100"><subfield code="a">Drucker, D.C</subfield></datafield><datafield ind1="1" ind2="0" tag="245"><subfield code="a">Razrusenie tverdih tel</subfield><subfield code="c">D.c. drucker, j.j. gilman (eds.)</subfield></datafield><datafield ind1=" " ind2=" " tag="260"><subfield code="a">Moskva</subfield><subfield code="b">Metallurgia</subfield><subfield code="c">1967</subfield></datafield><datafield ind1=" " ind2=" " tag="300"><subfield code="a">498P</subfield></datafield><datafield ind1=" " ind2=" " tag="500"><subfield code="a">Titlul Original In Limba Engleza: Fracture Of Solids Proceedings Of An International Conference Maple Valley, Washington August 21-24, 1962</subfield></datafield><datafield ind1="1" ind2=" " tag="700"><subfield code="a">Gilman, J.J</subfield></datafield><datafield ind1=" " ind2=" " tag="852"><subfield code="a">75315</subfield><subfield code="c">539.21</subfield></datafield><datafield ind1=" " ind2=" " tag="CAT"><subfield code="a">Sys</subfield><subfield code="c">20121206</subfield><subfield code="h">161251</subfield></datafield></record></collection>